@article{bennett-2007,
	author = {given-i=C., given=Chris, family=Bennett and given-i=J., given=Jody, family=Ryall and given-i=L., given=Leo, family=Spalteholz and given-i={A. A.}, given={Amy A.}, family=Gooch},
	date = {2007-06-20},
	doi = {10.2312/compaesth/compaesth07/057-064},
	journaltitle = {Eurographics},
	pages = {57--64},
	title = {The aesthetics of graph visualization},
	url = {https://doi.org/10.2312/COMPAESTH/COMPAESTH07/057-064},
}
@article{tarawaneh-2012,
	author = {given-i={R. M.}, given={Raga'ad M.}, family=Tarawaneh and given-i=P., given=Patric, family=Keller and given-i=A., given=Achim, family=Ebert},
	date = {2012-01-01},
	doi = {10.4230/oasics.vluds.2011.151},
	journaltitle = {Visualization of Large and Unstructured Data Sets: Applications in Geospatial Planning, Modeling and Engineering - Proceedings of IRTG 1131 Workshop 2011},
	pages = {164--},
	title = {A General Introduction To Graph Visualization Techniques},
}
@online{matplotlib,
	author = {given-i=T.A., given=Thomas, family=Caswell},
	date = {2022-05-03},
	title = {matplotlib/matplotlib: REL: v3.5.2},
	url = {https://zenodo.org/record/6513224},
}

@online{ibm-dynsearch,
	author = {{IBM}},
	date = {2021},
	title = {Branch & cut or dynamic search?},
	url = {https://www.ibm.com/docs/en/icos/20.1.0?topic=optimizer-branchcut-dynamic-search},
	urldate = {undefined},
}
@online{ibm-optimality,
	author = {{IBM}},
	date = {2021},
	title = {Emphasizing feasibility and optimality},
	url = {https://www.ibm.com/docs/en/icos/20.1.0?topic=optimizer-emphasizing-feasibility-optimality},
	urldate = {undefined},
}
@online{ibm-terminating,
	author = {{IBM}},
	date = {2021},
	title = {Terminating MIP optimization},
	url = {https://www.ibm.com/docs/en/icos/20.1.0?topic=optimizer-terminating-mip-optimization},
	urldate = {undefined},
}
@online{ibm-performance,
	author = {{IBM}},
	date = {2021},
	title = {Tuning performance features of the mixed integer optimizer},
	url = {https://www.ibm.com/docs/en/icos/20.1.0?topic=mip-tuning-performance-features-mixed-integer-optimizer},
	urldate = {undefined},
}
@online{ibm-cplex,
	author = {{IBM}},
	date = {2022},
	title = {ILOG CPLEX Optimization Studio - Overview},
	url = {https://www.ibm.com/products/ilog-cplex-optimization-studio},
	urldate = {undefined},
}
@online{ibm-what,
	author = {{IBM}},
	date = {2022},
	title = {What does CPLEX do?},
	url = {https://www.ibm.com/docs/en/icos/20.1.0?topic=cplex-what-does-do},
	urldate = {undefined},
}
@online{ibm-solve,
	author = {{IBM}},
	date = {2022},
	title = {What does CPLEX solve?},
	url = {https://www.ibm.com/docs/en/icos/22.1.0?topic=optimizer-what-does-cplex-solve},
	urldate = {undefined},
}
@article{sugiyama,
	author = {given-i={N. S.}, given={Nikola S.}, family=Nikolov},
	date = {2016},
	doi = {10.1007/978-1-4939-2864-4_649},
	journaltitle = {Encyclopedia of Algorithms},
	pages = {2162--2166},
	publisher = {Springer New York},
	title = {Sugiyama Algorithm},
	url = {http://dx.doi.org/10.1007/978-1-4939-2864-4_649},
}
@online{python,
	title = {The Python Language Reference — Python 3.10.9 documentation},
	url = {https://docs.python.org/3.10/reference/index.html},
}
@article{numpy,
	author = {given-i={C. R.}, given={Charles R.}, family=Harris and given-i={K. J.}, given={K. Jarrod}, family=Millman and given-i={S. J.}, given={Stéfan J.}, family={van der Walt} and given-i=R., given=Ralf, family=Gommers and given-i=P., given=Pauli, family=Virtanen and given-i=D., given=David, family=Cournapeau and given-i=E., given=Eric, family=Wieser and given-i=J., given=Julian, family=Taylor and given-i=S., given=Sebastian, family=Berg and given-i={N. J.}, given={Nathaniel J.}, family=Smith and given-i=R., given=Robert, family=Kern and given-i=M., given=Matti, family=Picus and given-i=S., given=Stephan, family=Hoyer and given-i={M. H.}, given={Marten H.}, family={van Kerkwijk} and given-i=M., given=Matthew, family=Brett and given-i=A., given=Allan, family=Haldane and given-i={J. F.}, given={Jaime Fernández}, family={del Río} and given-i=M., given=Mark, family=Wiebe and given-i=P., given=Pearu, family=Peterson and given-i=P., given=Pierre, family=Gérard-Marchant and given-i=K., given=Kevin, family=Sheppard and given-i=T., given=Tyler, family=Reddy and given-i=W., given=Warren, family=Weckesser and given-i=H., given=Hameer, family=Abbasi and given-i=C., given=Christoph, family=Gohlke and given-i={T. E.}, given={Travis E.}, family=Oliphant},
	date = {2020-09-16},
	doi = {10.1038/s41586-020-2649-2},
	journaltitle = {Nature},
	number = {7825},
	pages = {357--362},
	publisher = {Springer Science and Business Media LLC},
	title = {Array programming with NumPy},
	url = {http://dx.doi.org/10.1038/s41586-020-2649-2},
	volume = {585},
}